@ARTICLE{KUVSHINOV2022,
author = {Dmitry Kuvshinov and Kaspar Zimmermann},
journal = "Journal of Financial Economics",
number = "2, Part B",
pages = "527-552",
title = "The big bang: Stock market capitalization in the long run",
volume = "145",
year = "2022",
}

@article{Hossain2015,
author = {Hossain, Mohammad and Hossain, Anowar},
journal = {American Journal of Economics},
year = {2015},
month = {09},
pages = {353-362},
title = {An Empirical Relationship between Share Price and Economic Growth: New Evidence on Selected Industrial Economies},
doi = {10.5923/j.economics.20150503.07}
}

@article{Kung2015,
   author = {Howard Kung and Lukas Schmid},
   doi = {10.1111/JOFI.12241},
   issn = {1540-6261},
   issue = {3},
   journal = {The Journal of Finance},
   month = {6},
   pages = {1001-1037},
   title = {Innovation, Growth, and Asset Prices},
   volume = {70},
   year = {2015},
}

@article{Fama1981,
   author = {Eugene F Fama},
   journal = {The American Economic Review},
   issue = {4},
   pages = {545-565},
   title = {Stock Returns, Real Activity, Inflation, and Money},
   volume = {71},
   year = {1981},
}

